<collection xmlns="http://www.loc.gov/MARC21/slim"><record><leader>00834nam  2200241   450</leader><controlfield tag="001">193</controlfield><controlfield tag="003">http://montalegre.opacnet.com/OPAC/default.aspx?ContentAreaControl=ShowRegHoldings.ascx&amp;RegNo=16662</controlfield><controlfield tag="005">20</controlfield><datafield tag="095" ind1=" " ind2=" "><subfield code="a">PTBN00027787</subfield></datafield><datafield tag="100" ind1=" " ind2=" "><subfield code="a">20061013d1984    m  y0pora010305  ba</subfield></datafield><datafield tag="101" ind1="1" ind2=" "><subfield code="a">por</subfield><subfield code="c">eng</subfield></datafield><datafield tag="102" ind1=" " ind2=" "><subfield code="a">PT</subfield></datafield><datafield tag="200" ind1="1" ind2=" "><subfield code="a">&lt;O &gt;martelo de Deus e outras histórias do Padre Brown</subfield><subfield code="f">G. K. Chesterton</subfield><subfield code="g">trad.: Carlos Grifo Babo</subfield></datafield><datafield tag="210" ind1=" " ind2=" "><subfield code="a">Lisboa</subfield><subfield code="c">Gradiva</subfield><subfield code="d">1984</subfield></datafield><datafield tag="215" ind1=" " ind2=" "><subfield code="a">147 p.</subfield><subfield code="d">20 cm</subfield></datafield><datafield tag="225" ind1="2" ind2=" "><subfield code="a">Não incomode</subfield><subfield code="v">8</subfield></datafield><datafield tag="304" ind1=" " ind2=" "><subfield code="a">Tít. orig. The innocence of father Brown</subfield></datafield><datafield tag="675" ind1=" " ind2=" "><subfield code="a">821</subfield></datafield><datafield tag="700" ind1=" " ind2="1"><subfield code="a">Chesterton</subfield><subfield code="b">Gilbert Keith</subfield><subfield code="f">1874-1936</subfield></datafield><datafield tag="702" ind1=" " ind2="1"><subfield code="a">Babo</subfield><subfield code="b">Carlos Grifo</subfield><subfield code="f">1919-</subfield><subfield code="4">730</subfield></datafield><datafield tag="801" ind1=" " ind2="0"><subfield code="a">PT</subfield><subfield code="b">Biblioteca Municipal de Montalegre</subfield><subfield code="g">RPC</subfield></datafield><datafield tag="856" ind1=" " ind2=" "><subfield code="u">locateMedia.asp?cod=20060510101139&amp;ext=jpg</subfield><subfield code="z">CAPA</subfield></datafield><datafield tag="909" ind1="&#9;" ind2=" "><subfield code="a">2</subfield></datafield><datafield tag="966" ind1=" " ind2=" "><subfield code="a">0008676</subfield><subfield code="l">BMM</subfield><subfield code="s">SCG 821 CHE mar 8</subfield></datafield><datafield tag="966" ind1=" " ind2=" "><subfield code="a">0008664</subfield><subfield code="l">BMM</subfield><subfield code="s">SCG 821 CHE mar 8</subfield></datafield></record></collection>